<?xml version="1.0" encoding="UTF-8"?><collection xmlns="http://www.loc.gov/MARC21/slim"><record><leader>00426nam--2200169-i-4500</leader><controlfield tag="001">000037977</controlfield><controlfield tag="002">20161230</controlfield><controlfield tag="005">20170222165507</controlfield><controlfield tag="008">060222s1000------------r-----000-0-eng-d</controlfield><datafield ind1=" " ind2=" " tag="080"><subfield code="a">575</subfield></datafield><datafield ind1=" " ind2=" " tag="100"><subfield code="a">Raicu, Petre</subfield></datafield><datafield ind1=" " ind2=" " tag="245"><subfield code="a">Informatia genetica si viata</subfield></datafield><datafield ind1=" " ind2=" " tag="260"><subfield code="a">Bucuresti</subfield><subfield code="b">Ed.St.Si Enciclopedica</subfield><subfield code="c">1984</subfield></datafield><datafield ind1=" " ind2=" " tag="300"><subfield code="a">157 p</subfield></datafield><datafield ind1=" " ind2=" " tag="490"><subfield code="a">Colectia Stiinta Pentru Toti</subfield></datafield><datafield ind1=" " ind2=" " tag="852"><subfield code="a">78475</subfield></datafield><datafield ind1=" " ind2=" " tag="CAT"><subfield code="a">SYS</subfield><subfield code="c">20170222</subfield><subfield code="h">165507</subfield></datafield></record></collection>